@MISC{2019ivoa.spec.0927D,
       author = {{Dowler}, Patrick and {Rixon}, Guy and {Tody}, Doug and {Demleitner}, Markus},
        title = "{Table Access Protocol Version 1.1}",
 howpublished = {IVOA Recommendation 27 September 2019},
         year = "2019",
        month = "September",
        pages = {927},
          doi = {10.5479/ADS/bib/2019ivoa.spec.0927D},
       adsurl = {https://ui.adsabs.harvard.edu/abs/2019ivoa.spec.0927D},
      adsnote = {Provided by the SAO/NASA Astrophysics Data System}
}